@article{Kumar:2016dhh,
      author         = "Kumar, Prayush and Chu, Tony and Fong, Heather and
                        Pfeiffer, Harald P. and Boyle, Michael and Hemberger,
                        Daniel A. and Kidder, Lawrence E. and Scheel, Mark A. and
                        Szilagyi, Bela",
      title          = "{Accuracy of binary black hole waveform models for
                        aligned-spin binaries}",
      year           = "2016",
      eprint         = "1601.05396",
      archivePrefix  = "arXiv",
      primaryClass   = "gr-qc",
      SLACcitation   = "%%CITATION = ARXIV:1601.05396;%%"
}

@article{Ohme:2011rm,
  author =	 "Ohme, Frank",
  title =	 "{Analytical meets numerical relativity - status of
                  complete gravitational waveform models for binary
                  black holes}",
  journal =	 cqg,
  volume =	 29,
  pages =	 124002,
  year =	 2012,
  eprint =	 "1111.3737",
  archivePrefix ="arXiv",
  primaryClass = "gr-qc",
  reportNumber = "AEI-2011-090",
  SLACcitation = "%%CITATION = ARXIV:1111.3737;%%",
}

@article{Aasi:2014tra,
      author         = "Aasi, J. and others",
      title          = "{The NINJA-2 project: Detecting and characterizing
                        gravitational waveforms modelled using numerical binary
                        black hole simulations}",
      collaboration  = "VIRGO, LIGO Scientific, NINJA-2",
      journal        = "Class. Quant. Grav.",
      volume         = "31",
      year           = "2014",
      pages          = "115004",
      doi            = "10.1088/0264-9381/31/11/115004",
      eprint         = "1401.0939",
      archivePrefix  = "arXiv",
      primaryClass   = "gr-qc",
      reportNumber   = "LIGO-P1300199",
      SLACcitation   = "%%CITATION = ARXIV:1401.0939;%%"
}

@article{Aylott:2009ya,
      author         = "Aylott, Benjamin and others",
      title          = "{Testing gravitational-wave searches with numerical
                        relativity waveforms: Results from the first Numerical
                        INJection Analysis (NINJA) project}",
      journal        = "Class. Quant. Grav.",
      volume         = "26",
      year           = "2009",
      pages          = "165008",
      doi            = "10.1088/0264-9381/26/16/165008",
      eprint         = "0901.4399",
      archivePrefix  = "arXiv",
      primaryClass   = "gr-qc",
      SLACcitation   = "%%CITATION = ARXIV:0901.4399;%%"
}

@article{Brown:2007jx,
      author         = "Brown, D. and Fairhurst, S. and Krishnan, B. and Mercer,
                        R. A. and Kopparapu, R. K. and Santamaria, L. and Whelan,
                        J. T.",
      title          = "{Data formats for numerical relativity waves}",
      year           = "2007",
      eprint         = "0709.0093",
      archivePrefix  = "arXiv",
      primaryClass   = "gr-qc",
      reportNumber   = "LIGO-T070072-00-Z",
      SLACcitation   = "%%CITATION = ARXIV:0709.0093;%%"
}

@article{Mroue:2013xna,
      author         = "Mroue, Abdul H. and others",
      title          = "{Catalog of 174 Binary Black Hole Simulations for
                        Gravitational Wave Astronomy}",
      journal        = "Phys. Rev. Lett.",
      volume         = "111",
      year           = "2013",
      number         = "24",
      pages          = "241104",
      doi            = "10.1103/PhysRevLett.111.241104",
      eprint         = "1304.6077",
      archivePrefix  = "arXiv",
      primaryClass   = "gr-qc",
      SLACcitation   = "%%CITATION = ARXIV:1304.6077;%%"
}

@article{Galley:2016aa,
      author         = "Galley, C. R. and Schmidt, P.",
      title          = "{Fast and efficient evaluation of gravitational waveforms via reduced-order spline interpolation}",
      journal     = "in prep.",
      year           = "2016",
      url = {https://dcc.ligo.org/LIGO-P1600064}
}

@article{Canton:2014ena,
      author         = "Dal Canton, Tito and others",
      title          = "{Implementing a search for aligned-spin neutron
                        star-black hole systems with advanced ground based
                        gravitational wave detectors}",
      journal        = "Phys. Rev.",
      volume         = "D90",
      year           = "2014",
      number         = "8",
      pages          = "082004",
      doi            = "10.1103/PhysRevD.90.082004",
      eprint         = "1405.6731",
      archivePrefix  = "arXiv",
      primaryClass   = "gr-qc",
      reportNumber   = "LIGO-P1400053",
      SLACcitation   = "%%CITATION = ARXIV:1405.6731;%%"
}

@article{Boyle:2009vi,
      author         = "Boyle, Michael and Mroue, Abdul H.",
      title          = "{Extrapolating gravitational-wave data from numerical
                        simulations}",
      journal        = "Phys. Rev.",
      volume         = "D80",
      year           = "2009",
      pages          = "124045",
      doi            = "10.1103/PhysRevD.80.124045",
      eprint         = "0905.3177",
      archivePrefix  = "arXiv",
      primaryClass   = "gr-qc",
      SLACcitation   = "%%CITATION = ARXIV:0905.3177;%%"
}

@article{lrr-2014-2,
  title    = {Gravitational Radiation from Post-Newtonian Sources and Inspiralling Compact Binaries},
  author   = {Luc Blanchet},
  journal  = {Living Reviews in Relativity},
  year     = {2014},
  number   = {2},
  volume   = {17},
  keywords = {Post-Newtonian approximations, Gravitational radiation, Multipolar expansion, Inspiralling compact binary},
  doi      = {10.1007/lrr-2014-2},
  url      = {http://www.livingreviews.org/lrr-2014-2}
}

@article{Abbott:2016blz,
      author         = "Abbott, B. P. and others",
      title          = "{Observation of Gravitational Waves from a Binary Black
                        Hole Merger}",
      collaboration  = "Virgo, LIGO Scientific",
      journal        = "Phys. Rev. Lett.",
      volume         = "116",
      year           = "2016",
      number         = "6",
      pages          = "061102",
      doi            = "10.1103/PhysRevLett.116.061102",
      eprint         = "1602.03837",
      archivePrefix  = "arXiv",
      primaryClass   = "gr-qc",
      reportNumber   = "LIGO-P150914",
      SLACcitation   = "%%CITATION = ARXIV:1602.03837;%%"
}

@misc{romspline,
	author = "Chad R. Galley",
	title = "{romSpline}",
	url = {https://bitbucket.org/chadgalley/romspline}
}

@article{Centrella:2010mx,
      author         = "Centrella, Joan and Baker, John G. and Kelly, Bernard J.
                        and van Meter, James R.",
      title          = "{Black-hole binaries, gravitational waves, and numerical
                        relativity}",
      journal        = "Rev. Mod. Phys.",
      volume         = "82",
      year           = "2010",
      pages          = "3069",
      doi            = "10.1103/RevModPhys.82.3069",
      eprint         = "1010.5260",
      archivePrefix  = "arXiv",
      primaryClass   = "gr-qc",
      SLACcitation   = "%%CITATION = ARXIV:1010.5260;%%"
}

@article{Healy:2014yta,
      author         = "Healy, James and Lousto, Carlos O. and Zlochower, Yosef",
      title          = "{Remnant mass, spin, and recoil from spin aligned
                        black-hole binaries}",
      journal        = "Phys. Rev.",
      volume         = "D90",
      year           = "2014",
      number         = "10",
      pages          = "104004",
      doi            = "10.1103/PhysRevD.90.104004",
      eprint         = "1406.7295",
      archivePrefix  = "arXiv",
      primaryClass   = "gr-qc",
      SLACcitation   = "%%CITATION = ARXIV:1406.7295;%%"
}

@article{Khan:2015jqa,
      author         = "Khan, Sebastian and Husa, Sascha and Hannam, Mark and
                        Ohme, Frank and P{\"u}rrer, Michael and Jiménez Forteza,
                        Xisco and Bohé, Alejandro",
      title          = "{Frequency-domain gravitational waves from nonprecessing
                        black-hole binaries. II. A phenomenological model for the
                        advanced detector era}",
      journal        = "Phys. Rev.",
      volume         = "D93",
      year           = "2016",
      number         = "4",
      pages          = "044007",
      doi            = "10.1103/PhysRevD.93.044007",
      eprint         = "1508.07253",
      archivePrefix  = "arXiv",
      primaryClass   = "gr-qc",
      SLACcitation   = "%%CITATION = ARXIV:1508.07253;%%"
}

@article{Taracchini:2013rva,
      author         = "Taracchini, Andrea and others",
      title          = "{Effective-one-body model for black-hole binaries with
                        generic mass ratios and spins}",
      journal        = "Phys. Rev.",
      volume         = "D89",
      year           = "2014",
      number         = "6",
      pages          = "061502",
      doi            = "10.1103/PhysRevD.89.061502",
      eprint         = "1311.2544",
      archivePrefix  = "arXiv",
      primaryClass   = "gr-qc",
      SLACcitation   = "%%CITATION = ARXIV:1311.2544;%%"
}

@article{Abbott:2016nmj,
      author         = "Abbott, B. P. and others",
      title          = "{GW151226: Observation of Gravitational Waves from a
                        22-Solar-Mass Binary Black Hole Coalescence}",
      collaboration  = "Virgo, LIGO Scientific",
      journal        = "Phys. Rev. Lett.",
      volume         = "116",
      year           = "2016",
      number         = "24",
      pages          = "241103",
      doi            = "10.1103/PhysRevLett.116.241103",
      eprint         = "1606.04855",
      archivePrefix  = "arXiv",
      primaryClass   = "gr-qc",
      reportNumber   = "LIGO-P151226",
      SLACcitation   = "%%CITATION = ARXIV:1606.04855;%%"
}

@article{TheLIGOScientific:2016pea,
      author         = "Abbott, B. P. and others",
      title          = "{Binary Black Hole Mergers in the first Advanced LIGO
                        Observing Run}",
      collaboration  = "Virgo, LIGO Scientific",
      journal        = "Phys. Rev.",
      volume         = "X6",
      year           = "2016",
      number         = "4",
      pages          = "041015",
      doi            = "10.1103/PhysRevX.6.041015",
      eprint         = "1606.04856",
      archivePrefix  = "arXiv",
      primaryClass   = "gr-qc",
      reportNumber   = "LIGO-P1600088",
      SLACcitation   = "%%CITATION = ARXIV:1606.04856;%%"
}

@article{Hannam:2013oca,
      author         = "Hannam, Mark and Schmidt, Patricia and Bohé, Alejandro
                        and Haegel, Leïla and Husa, Sascha and Ohme, Frank and
                        Pratten, Geraint and Pürrer, Michael",
      title          = "{Simple Model of Complete Precessing Black-Hole-Binary
                        Gravitational Waveforms}",
      journal        = "Phys. Rev. Lett.",
      volume         = "113",
      year           = "2014",
      number         = "15",
      pages          = "151101",
      doi            = "10.1103/PhysRevLett.113.151101",
      eprint         = "1308.3271",
      archivePrefix  = "arXiv",
      primaryClass   = "gr-qc",
      SLACcitation   = "%%CITATION = ARXIV:1308.3271;%%"
}

@article{Pan:2013rra,
      author         = "Pan, Yi and Buonanno, Alessandra and Taracchini, Andrea
                        and Kidder, Lawrence E. and Mroué, Abdul H. and Pfeiffer,
                        Harald P. and Scheel, Mark A. and Szilágyi, Béla",
      title          = "{Inspiral-merger-ringdown waveforms of spinning,
                        precessing black-hole binaries in the effective-one-body
                        formalism}",
      journal        = "Phys. Rev.",
      volume         = "D89",
      year           = "2014",
      number         = "8",
      pages          = "084006",
      doi            = "10.1103/PhysRevD.89.084006",
      eprint         = "1307.6232",
      archivePrefix  = "arXiv",
      primaryClass   = "gr-qc",
      SLACcitation   = "%%CITATION = ARXIV:1307.6232;%%"
}

@article{Abbott:2016wiq,
      author         = "Abbott, Benjamin P. and others",
      title          = "{Effects of waveform model systematics on the
                        interpretation of GW150914}",
      collaboration  = "Virgo, LIGO Scientific",
      year           = "2016",
      eprint         = "1611.07531",
      archivePrefix  = "arXiv",
      primaryClass   = "gr-qc",
      reportNumber   = "P1500259",
      SLACcitation   = "%%CITATION = ARXIV:1611.07531;%%"
}

@article{Galley:2016mvy,
      author         = "Galley, Chad R. and Schmidt, Patricia",
      title          = "{Fast and efficient evaluation of gravitational waveforms
                        via reduced-order spline interpolation}",
      year           = "2016",
      eprint         = "1611.07529",
      archivePrefix  = "arXiv",
      primaryClass   = "gr-qc",
      reportNumber   = "LIGO-P1600064",
      SLACcitation   = "%%CITATION = ARXIV:1611.07529;%%"
}


